<?xml version="1.0" encoding="UTF-8"?>
  <record xmlns="http://www.loc.gov/MARC21/slim" type="Authority">
    <leader>00000nz  a2200000nc 4500</leader>
    <controlfield tag="001">122943082</controlfield>
    <controlfield tag="003">DE-101</controlfield>
    <controlfield tag="005">20140917151858.0</controlfield>
    <controlfield tag="008">010523n||azznnaabn           | aaa    |c</controlfield>
    <datafield tag="024" ind1="7" ind2=" ">
      <subfield code="a">122943082</subfield>
      <subfield code="0">http://d-nb.info/gnd/122943082</subfield>
      <subfield code="2">gnd</subfield>
    </datafield>
    <datafield tag="035" ind1=" " ind2=" ">
      <subfield code="a">(DE-101)122943082</subfield>
    </datafield>
    <datafield tag="035" ind1=" " ind2=" ">
      <subfield code="a">(DE-588)122943082</subfield>
    </datafield>
    <datafield tag="035" ind1=" " ind2=" ">
      <subfield code="z">(DE-588a)122943082</subfield>
      <subfield code="9">v:zg</subfield>
    </datafield>
    <datafield tag="035" ind1=" " ind2=" ">
      <subfield code="z">(DE-588c)4836363-7</subfield>
      <subfield code="9">v:zg</subfield>
    </datafield>
    <datafield tag="040" ind1=" " ind2=" ">
      <subfield code="a">DE-12</subfield>
      <subfield code="c">DE-12</subfield>
      <subfield code="9">r:DE-12</subfield>
      <subfield code="b">ger</subfield>
      <subfield code="d">0547</subfield>
    </datafield>
    <datafield tag="042" ind1=" " ind2=" ">
      <subfield code="a">gnd1</subfield>
    </datafield>
    <datafield tag="043" ind1=" " ind2=" ">
      <subfield code="c">XA-DE</subfield>
    </datafield>
    <datafield tag="065" ind1=" " ind2=" ">
      <subfield code="a">3.6p</subfield>
      <subfield code="2">sswd</subfield>
    </datafield>
    <datafield tag="065" ind1=" " ind2=" ">
      <subfield code="a">7.14p</subfield>
      <subfield code="2">sswd</subfield>
    </datafield>
    <datafield tag="075" ind1=" " ind2=" ">
      <subfield code="b">p</subfield>
      <subfield code="2">gndgen</subfield>
    </datafield>
    <datafield tag="075" ind1=" " ind2=" ">
      <subfield code="b">piz</subfield>
      <subfield code="2">gndspec</subfield>
    </datafield>
    <datafield tag="079" ind1=" " ind2=" ">
      <subfield code="a">g</subfield>
      <subfield code="q">a</subfield>
      <subfield code="q">f</subfield>
      <subfield code="q">s</subfield>
      <subfield code="q">l</subfield>
    </datafield>
    <datafield tag="100" ind1="1" ind2=" ">
      <subfield code="a">Wex, Jakob</subfield>
      <subfield code="d">1645-1711</subfield>
    </datafield>
    <datafield tag="375" ind1=" " ind2=" ">
      <subfield code="a">1</subfield>
      <subfield code="2">iso5218</subfield>
    </datafield>
    <datafield tag="400" ind1="1" ind2=" ">
      <subfield code="a">Vex, Jacob</subfield>
      <subfield code="d">1645-1711</subfield>
    </datafield>
    <datafield tag="400" ind1="1" ind2=" ">
      <subfield code="a">Vex, Jacobus</subfield>
      <subfield code="d">1645-1711</subfield>
    </datafield>
    <datafield tag="400" ind1="1" ind2=" ">
      <subfield code="a">Wex, Jacob</subfield>
      <subfield code="d">1645-1711</subfield>
    </datafield>
    <datafield tag="400" ind1="1" ind2=" ">
      <subfield code="a">Wex, Jacobus</subfield>
      <subfield code="d">1645-1711</subfield>
    </datafield>
    <datafield tag="400" ind1="1" ind2=" ">
      <subfield code="a">Vex, Jakob</subfield>
      <subfield code="d">1645-1711</subfield>
    </datafield>
    <datafield tag="400" ind1="1" ind2=" ">
      <subfield code="a">Wex, Jacques</subfield>
      <subfield code="d">1645-1711</subfield>
    </datafield>
    <datafield tag="510" ind1="2" ind2=" ">
      <subfield code="0">(DE-101)000800929</subfield>
      <subfield code="0">(DE-588)80092-2</subfield>
      <subfield code="0">https://d-nb.info/gnd/80092-2</subfield>
      <subfield code="a">Jesuiten</subfield>
      <subfield code="4">affi</subfield>
      <subfield code="4">https://d-nb.info/standards/elementset/gnd#affiliation</subfield>
      <subfield code="w">r</subfield>
      <subfield code="i">Affiliation</subfield>
      <subfield code="e">Affiliation</subfield>
    </datafield>
    <datafield tag="548" ind1=" " ind2=" ">
      <subfield code="a">1645-1711</subfield>
      <subfield code="4">datl</subfield>
      <subfield code="4">https://d-nb.info/standards/elementset/gnd#dateOfBirthAndDeath</subfield>
      <subfield code="w">r</subfield>
      <subfield code="i">Lebensdaten</subfield>
      <subfield code="9">v:anderslt. Sterbejahr: 1695</subfield>
    </datafield>
    <datafield tag="548" ind1=" " ind2=" ">
      <subfield code="a">21.11.1645-28.04.1711</subfield>
      <subfield code="4">datx</subfield>
      <subfield code="4">https://d-nb.info/standards/elementset/gnd#dateOfBirthAndDeath</subfield>
      <subfield code="w">r</subfield>
      <subfield code="i">Exakte Lebensdaten</subfield>
    </datafield>
    <datafield tag="550" ind1=" " ind2=" ">
      <subfield code="0">(DE-101)040597563</subfield>
      <subfield code="0">(DE-588)4059756-8</subfield>
      <subfield code="0">https://d-nb.info/gnd/4059756-8</subfield>
      <subfield code="a">Theologe</subfield>
      <subfield code="4">berc</subfield>
      <subfield code="4">https://d-nb.info/standards/elementset/gnd#professionOrOccupation</subfield>
      <subfield code="w">r</subfield>
      <subfield code="i">Charakteristischer Beruf</subfield>
    </datafield>
    <datafield tag="550" ind1=" " ind2=" ">
      <subfield code="0">(DE-101)04030020X</subfield>
      <subfield code="0">(DE-588)4030020-1</subfield>
      <subfield code="0">https://d-nb.info/gnd/4030020-1</subfield>
      <subfield code="a">Katholischer Theologe</subfield>
      <subfield code="4">beru</subfield>
      <subfield code="4">https://d-nb.info/standards/elementset/gnd#professionOrOccupation</subfield>
      <subfield code="w">r</subfield>
      <subfield code="i">Beruf</subfield>
    </datafield>
    <datafield tag="550" ind1=" " ind2=" ">
      <subfield code="0">(DE-101)040290506</subfield>
      <subfield code="0">(DE-588)4029050-5</subfield>
      <subfield code="0">https://d-nb.info/gnd/4029050-5</subfield>
      <subfield code="a">Jurist</subfield>
      <subfield code="4">beru</subfield>
      <subfield code="4">https://d-nb.info/standards/elementset/gnd#professionOrOccupation</subfield>
      <subfield code="w">r</subfield>
      <subfield code="i">Beruf</subfield>
    </datafield>
    <datafield tag="551" ind1=" " ind2=" ">
      <subfield code="0">(DE-101)946795754</subfield>
      <subfield code="0">(DE-588)4401192-1</subfield>
      <subfield code="0">https://d-nb.info/gnd/4401192-1</subfield>
      <subfield code="a">Altkirch</subfield>
      <subfield code="4">ortg</subfield>
      <subfield code="4">https://d-nb.info/standards/elementset/gnd#placeOfBirth</subfield>
      <subfield code="w">r</subfield>
      <subfield code="i">Geburtsort</subfield>
    </datafield>
    <datafield tag="551" ind1=" " ind2=" ">
      <subfield code="0">(DE-101)040417190</subfield>
      <subfield code="0">(DE-588)4041719-0</subfield>
      <subfield code="0">https://d-nb.info/gnd/4041719-0</subfield>
      <subfield code="a">Neuburg a.d. Donau</subfield>
      <subfield code="4">orts</subfield>
      <subfield code="4">https://d-nb.info/standards/elementset/gnd#placeOfDeath</subfield>
      <subfield code="w">r</subfield>
      <subfield code="i">Sterbeort</subfield>
    </datafield>
    <datafield tag="667" ind1=" " ind2=" ">
      <subfield code="a">12</subfield>
    </datafield>
    <datafield tag="667" ind1=" " ind2=" ">
      <subfield code="a">VD-17</subfield>
    </datafield>
    <datafield tag="670" ind1=" " ind2=" ">
      <subfield code="a">ADB; DbA</subfield>
    </datafield>
    <datafield tag="672" ind1=" " ind2="0">
      <subfield code="a">Quinquaginta philosophicae quaestiones de quatuor elementis. - 1680</subfield>
    </datafield>
    <datafield tag="672" ind1=" " ind2="0">
      <subfield code="a">Exempla philosophica quibus demonstrantur quid horreat natura. - 1680</subfield>
    </datafield>
    <datafield tag="672" ind1=" " ind2="0">
      <subfield code="a">Manipulus decimarum, sive quaestiones ... - 1692</subfield>
    </datafield>
    <datafield tag="672" ind1=" " ind2="0">
      <subfield code="a">Epitome canonica de praelatis regularibus. - 1694</subfield>
    </datafield>
    <datafield tag="672" ind1=" " ind2="0">
      <subfield code="a">Ariadne Carolino-canonica. - 1708</subfield>
    </datafield>
    <datafield tag="678" ind1=" " ind2=" ">
      <subfield code="b">Dt. Jesuit; Theologe; Jurist; Prof. in Ingolstadt und Innsbruck</subfield>
    </datafield>
    <datafield tag="913" ind1=" " ind2=" ">
      <subfield code="S">pnd</subfield>
      <subfield code="i">a</subfield>
      <subfield code="a">Wex, Jakob</subfield>
      <subfield code="0">(DE-588a)122943082</subfield>
    </datafield>
  </record>
